% This file was created with JabRef 2.5.
% Encoding: UTF-8

@MASTERSTHESIS{albini,
  author = {Albini, Fabio L.},
  title = {Geração e Avaliação de Artefatos em Vídeo Digital},
  school = {Universidade Tecnológica Federal do Paraná},
  year = {2009},
  owner = {brunno},
  timestamp = {2012.03.15}
}

@ARTICLE{boxmueller,
  author = {G. E. P. Box and Mervin E. Mueller},
  title = {A Note On The Generation Of Random Normal Deviates.},
  journal = {The Annals of Mathematical Statistics},
  year = {1958},
  volume = {29},
  pages = {610-611},
  owner = {caio},
  timestamp = {2012.06.16}
}

@MISC{hibernateAbout,
  author = {JBoss Community},
  title = {About - Hibernate},
  year = {2012},
  owner = {brunno},
  timestamp = {2012.06.04},
  url = {www.hibernate.org/about.html},
  urlaccessdate = {04 de Junho de 2012}
}

@MISC{hibernateHistory,
  author = {JBoss Community},
  title = {History - Hibernate},
  year = {2012},
  owner = {brunno},
  timestamp = {2012.06.04},
  url = {www.hibernate.org/about/history},
  urlaccessdate = {04 de Junho de 2012}
}

@MISC{git,
  author = {Software Freedom Conservancy},
  title = {Distributed Version Control System },
  year = {2012},
  owner = {GitHub Inc.},
  timestamp = {2012.06.19},
  url = {http://git-scm.com/about},
  urlaccessdate = {19 de junho de 2012}
}

@MISC{mpeg2ref,
  author = {JDS Uniphase Corporation},
  title = {Reference Guide to Digital Video Technology, Testing and Monitoring},
  year = {2008},
  owner = {brunno},
  timestamp = {2012.06.14}
}

@MASTERSTHESIS{daronco,
  author = {Daronco, L. C.},
  title = {Avaliação Subjetiva de Qualidade Aplicada à Codificação de Vídeo
	Escalável.},
  school = {Universidade Federal do Rio Grande do Sul},
  year = {2009},
  owner = {brunno},
  timestamp = {2012.03.19}
}

@ARTICLE{farias2007,
  author = {Mylène C. Q. Farias and John M. Foley and Sanjit K. Mitra},
  title = {Detectability and Annoyance of Synthetic Blocky, Blurry, Noisy and
	Ringing Effects},
  journal = {IEEE Transactions on Signal Processing},
  year = {2007},
  volume = {55},
  pages = {2954-2964},
  owner = {brunno},
  timestamp = {2012.03.20}
}

@MISC{fourccyuv,
  author = {FOURCC},
  title = {YUV Pixel Formats},
  year = {2011},
  owner = {brunno},
  timestamp = {2012.06.18},
  url = {fourcc.org/yuv.php},
  urlaccessdate = {16 de Junho de 2012}
}

@MISC{githubabout,
  author = {GitHub, Inc.},
  title = {GitHub Social Coding},
  year = {2012},
  owner = {GitHub Inc.},
  timestamp = {2012.03.15},
  url = {https://github.com/about},
  urlaccessdate = {15 de março de 2012}
}

@MISC{tracevideoseq,
  author = {Video Traces Research Group},
  title = {YUV Video Sequences},
  year = {2008},
  owner = {brunno},
  timestamp = {2012.06.23},
  url = {trace.eas.asu.edu/yuv/index.html},
  urlaccessdate = {22 de Abril de 2012}
}

@MISC{ituh222,
  author = {International Telecommunication Union ITU},
  title = {T-REC-H.222.0 - Transmission multiplexing and synchronization},
  year = {2006},
  owner = {caio},
  timestamp = {2012.06.21}
}

@MISC{itubt500,
  author = {International Telecommunication Union ITU},
  title = {ITU-R BT.500-11 - Methodology for the subjective assessment of the
	quality of television pictures},
  year = {2002},
  owner = {caio},
  timestamp = {2012.06.21}
}

@MISC{itup910,
  author = {International Telecommunication Union ITU},
  title = {Methodology for the Subjective Assessment of the Quality of Televison
	Pictures},
  year = {2000},
  owner = {brunno},
  timestamp = {2012.03.20}
}

@MISC{itup930,
  author = {International Telecommunication Union ITU},
  title = {T-REC-P.930 - Principles of a Reference Impairment System for Video},
  year = {1996},
  owner = {brunno},
  timestamp = {2012.03.20}
}

@MISC{distteoria,
  author = {Information Technology Laboratory},
  title = {NIST/SEMATECH e-Handbook of Statistical Methods},
  year = {2012},
  owner = {Information Technology Laboratory},
  timestamp = {2012.01.04},
  url = {http://www.itl.nist.gov/div898/handbook/},
  urlaccessdate = {20 de março de 2012}
}

@BOOK{vandenbranden,
  title = {Vision Models and Applications to Image and Video Processing},
  publisher = {Springer},
  year = {2001},
  author = {Christian J. Van Den Branden Lambrecht},
  owner = {brunno},
  timestamp = {2012.06.18}
}

@book{brice,
  title={Newnes guide to digital television},
  author={Brice, R.},
  isbn={9780750645867},
  lccn={00702260},
  url={http://books.google.com.br/books?id=FD4fAQAAIAAJ},
  year={2000},
  publisher={Newnes}
}

@book{winkler2005,
  title={Digital Video Quality: Vision Models And Metrics},
  author={Winkler, S.},
  isbn={9780470024041},
  lccn={2004061588},
  url={http://books.google.com.br/books?id=NDNfMaht37cC},
  year={2005},
  publisher={John Wiley \& Sons},
  owner = {caio},
  timestamp = {2012.06.16}
}

@ARTICLE{ziggurat,
  author = {George Marsaglia and Wai Wan Tsang},
  title = {The Ziggurat Method for Generating Random Variables},
  journal = {Journal of Statistical Software},
  year = {2000},
  volume = {5},
  owner = {caio},
  timestamp = {2012.06.16}
}

@MISC{mysqlmarket,
  author = {Oracle},
  title = {MySQL Market Share},
  year = {2012},
  owner = {brunno},
  timestamp = {2012.06.02},
  url = {www.mysql.com/why-mysql/marketshare},
  urlaccessdate = {02 de Junho de 2012}
}

@MISC{javaapi,
  author = {Oracle},
  title = {Java Standard Api Ed. 6},
  year = {2011},
  owner = {caio},
  timestamp = {2012.06.16},
  url = {http://docs.oracle.com/javase/6/docs/api/},
  urlaccessdate = {16 de junho de 2012}
}

@ARTICLE{panagiotopoulou,
  author = {Antigoni Panagiotopoulou and Vassilis Anastassopoulos},
  title = {Super-resolution image reconstruction techniques: Trade-offs between
	the data-fidelity and regularization terms},
  journal = {Information Fusion},
  year = {2012},
  volume = {13},
  pages = {185 - 195},
  number = {3},
  url = {http://www.sciencedirect.com/science/article/pii/S1566253510000941}
}

@MISC{gccabout,
  author = {GNU Project},
  title = {GNU Compiler Collection},
  year = {2012},
  owner = {caio},
  timestamp = {2012.06.21},
  url = {http://gcc.gnu.org/},
  urlaccessdate = {21 de junho de 2012}
}

@MISC{gnuabout,
  author = {GNU Project},
  title = {GNU Project},
  year = {2012},
  owner = {caio},
  timestamp = {2012.06.21},
  url = {http://www.gnu.org/philosophy/philosophy.html},
  urlaccessdate = {21 de junho de 2012}
}

@MISC{makeabout,
  author = {GNU Project},
  title = {Make},
  year = {2012},
  owner = {caio},
  timestamp = {2012.06.21},
  url = {http://www.gnu.org/software/make/},
  urlaccessdate = {21 de junho de 2012}
}

@MISC{cppreference,
  author = {C++ Reference},
  title = {C++ Reference},
  year = {2012},
  owner = {caio},
  timestamp = {2012.06.16},
  url = {http://www.cplusplus.com/reference},
  urlaccessdate = {16 de junho de 2012}
}

@MASTERSTHESIS{rehme,
  author = {José Frederico Rehme},
  title = {Avaliação da qualidade de vídeo trafegando sobre redes IP.},
  school = {Universidade Tecnológica Federal do Paraná},
  year = {2007},
  owner = {caio},
  timestamp = {2012.06.19}
}

@BOOK{teoremalimitecentral,
  title = {Mathematical Statistics and Data Analysis (Second ed.)},
  publisher = {Duxbury Press},
  year = {1995},
  author = {Rice, John},
  isbn = {0-534-20934-3},
  owner = {caio}
}

@MISC{sandvinereport,
  author = {Sandvine, Inc.},
  title = {Fall 2010 Flobal Internet Phenomena Report},
  year = {2010},
  owner = {brunno},
  timestamp = {2012.03.19},
  url = {http://www.sandvine.com/downloads/documents/2010 Global Internet Phenomena Report.pdf},
  urlaccessdate = {15 de março de 2012}
}

@ELECTRONIC{sasqv,
  author = {Santos, Elisa and Souza, Evandro and Lass, Murilo},
  year = {2010},
  title = {Desenvolvimento de um sistema de auxílio à avaliação objetiva e subjetiva
	de vídeos digitais},
  howpublished = {TCC Universidade Tecnológica Federal do Paraná},
  organization = {TCC Universidade Tecnológica Federal do Paraná},
  timestamp = {2012.03.13}
}

@MASTERSTHESIS{emmersonsilva,
  author = {Emmerson Santa Rita da Silva},
  title = {Especificação, Projeto e Desenvolvimento de Ferramentas de Auxílio
	à Avaliação Subjetiva de Vídeo},
  school = {Universidade Tecnológica Federal do Paraná},
  year = {2009},
  owner = {brunno},
  timestamp = {2012.03.20}
}

@MISC{acasystems,
  author = {ACA Systems},
  title = {What is CMY/CMYK Color Space?},
  year = {2012},
  owner = {caio},
  timestamp = {2012.06.16},
  url = {http://www.acasystems.com/en/color-picker/faq-cmy-color.htm},
  urlaccessdate = {16 de junho de 2012}
}

@ARTICLE{ciscoieee,
  author = {Cisco Systems},
  title = {Not All Packets are Equal, Part I},
  journal = {IEEE Internet Computing},
  year = {1999},
  volume = {1089-7801},
  pages = {70-75},
  owner = {brunno},
  timestamp = {2012.06.14}
}

@INPROCEEDINGS{watson1999,
   author = {{Watson}, A.~B. and {Hu}, Q.~J. and {McGowan}, J.~F. and {Mulligan}, J.~B.},
    title = "{Design and performance of a digital video quality metric}",
booktitle = {Society of Photo-Optical Instrumentation Engineers (SPIE) Conference Series},
     year = 1999,
   series = {Society of Photo-Optical Instrumentation Engineers (SPIE) Conference Series},
   volume = 3644,
   editor = {{Rogowitz}, B.~E. and {Pappas}, T.~N.},
    month = may,
    pages = {168-174},
   adsurl = {http://adsabs.harvard.edu/abs/1999SPIE.3644..168W},
  adsnote = {Provided by the SAO/NASA Astrophysics Data System}
}

@MISC{tektronix,
  author = {Inc. Tektronix},
  title = {Picture Quality Analysis System},
  year = {2011},
  owner = {brunno},
  timestamp = {2012.06.27},
  url = {www,tek.com/datasheet/picture-quality-analysis-system},
  urlaccessdate = {23 de Junho de 2012}
}

@MISC{vqeg,
  author = {Telecomunications Sciences, Institute},
  title = {Video Quality Experts Group},
  year = {2012},
  owner = {brunno},
  timestamp = {2012.03.15},
  url = {http://www.its.bldrdoc.gov/vqeg/vqeg-home.aspx},
  urlaccessdate = {13 de março de 2012}
}

@MISC{vqeg2003,
  author = {Telecomunications Sciences, Institute},
  title = {Final Report from the Video Quality Expertes Group on the Validation of objective models of Video Quality Assessment - Phase II},
  year = {2003},
  owner = {caio},
  timestamp = {2012.03.15},
  url = {ftp://vqeg.its.bldrdoc.gov/Documents/VQEG\_Approved\_Final\_Reports/},
  urlaccessdate = {16 de junho de 2012}
}

@MISC{tuberlin,
  author = {TKN},
  title = {EvalVid - A video Quality Evaluation Tool-set},
  year = {2012},
  owner = {brunno},
  timestamp = {2012.06.27},
  url = {www.tkn.tu-berlin.de/menue/research/evalvid},
  urlaccessdate = {23 de Junho de 2012}
}

@MISC{tvdigitalsite,
  author = {TV Digital, Site Oficial da},
  title = {Vantagens da TV Digital},
  year = {2012},
  owner = {brunno},
  timestamp = {2012.03.20},
  url = {http://www.dtv.org.br/index.php/sobre-a-tv-digital/vantagens-da-tv-digital/},
  urlaccessdate = {13 de março de 2012}
}

@MISC{moscowuniversity,
  author = {Moscow State University},
  title = {Graphics and Media Lab},
  year = {2012},
  owner = {brunno},
  timestamp = {2012.06.23},
  url = {graphics.cs.msu.ru/},
  urlaccessdate = {23 de Junho de 2012}
}

@MISC{vimabout,
  author = {Vim},
  title = {Vim},
  year = {2012},
  owner = {caio},
  timestamp = {2012.06.21},
  url = {http://www.vim.org},
  urlaccessdate = {21 de junho de 2012}
}

@ARTICLE{wangbovik2004,
  author = {Zhou Wang and Alan Conrad Bovik and Hamid Rahim Sheikh},
  title = {Image Quality Assesment: From Error Visibility to Structural Similarity},
  journal = {IEEE Transactions on Image Processing},
  year = {2004},
  volume = {13},
  pages = {600-612},
  owner = {brunno},
  timestamp = {2012.03.20}
}

@MISC{wikiboxmueller,
  author = {Wikipedia},
  title = {Box-Mueller Transform},
  year = {2012},
  owner = {caio},
  timestamp = {2012.06.16},
  url = {http://en.wikipedia.org/wiki/Box–Muller\_transform},
  urlaccessdate = {16 de junho de 2012}
}

@MISC{wikicolormodel,
  author = {Wikipedia},
  title = {Color Model},
  year = {2012},
  owner = {caio},
  timestamp = {2012.06.16},
  url = {http://en.wikipedia.org/wiki/Color\_model},
  urlaccessdate = {16 de maio de 2012}
}

@MISC{wikicplusplus,
  author = {Wikipedia},
  title = {C++},
  year = {2012},
  owner = {brunno},
  timestamp = {2012.06.16},
  url = {en.wikipedia.org/wiki/C++},
  urlaccessdate = {14 de Junho de 2012}
}

@MISC{wikidigitalvideo,
  author = {Wikipedia},
  title = {Digital Video},
  year = {2012},
  owner = {caio},
  timestamp = {2012.06.23},
  url = {http://en.wikipedia.org/wiki/Digital\_video},
  urlaccessdate = {23 de junho de 2012}
}

@MISC{wikidistribuicoes,
  author = {Wikipedia},
  title = {Probability Distribution},
  year = {2012},
  owner = {caio},
  timestamp = {2012.06.16},
  url = {http://en.wikipedia.org/wiki/Probability\_distribution},
  urlaccessdate = {16 de junho de 2012}
}

@MISC{wikidistuniform1,
  author = {Wikipedia},
  title = {Uniform distribution (continuous)},
  year = {2012},
  owner = {caio},
  timestamp = {2012.06.16},
  url = {http://en.wikipedia.org/wiki/Uniform\_distribution\_(continuous)},
  urlaccessdate = {16 de junho de 2012}
}

@MISC{wikidistuniform2,
  author = {Wikipedia},
  title = {Distribuição uniforme},
  year = {2012},
  owner = {caio},
  timestamp = {2012.06.16},
  url = {http://pt.wikipedia.org/wiki/Distribuição\_uniforme},
  urlaccessdate = {16 de junho de 2012}
}

@MISC{wikiipbframes,
  author = {Wikipedia},
  title = {Video Compression Picture Types},
  year = {2012},
  owner = {caio},
  timestamp = {2012.06.25},
  url = {http://en.wikipedia.org/wiki/Video\_compression\_picture\_types},
  urlaccessdate = {25 de junho de 2012}
}

@MISC{wikijava,
  author = {Wikipedia},
  title = {Java},
  year = {2012},
  owner = {brunno},
  timestamp = {2012.06.16},
  url = {en.wikipedia.org/wiki/Java\_(programming\_language)},
  urlaccessdate = {14 de Junho de 2012}
}

@MISC{wikinormaldist,
  author = {Wikipedia},
  title = {Normal Distribution},
  year = {2012},
  owner = {caio},
  timestamp = {2012.06.16},
  url = {http://en.wikipedia.org/wiki/Normal\_distribution},
  urlaccessdate = {16 de junho de 2012}
}

@MISC{wikipediamysql,
  author = {Wikipedia},
  title = {MySQL},
  year = {2012},
  owner = {brunno},
  timestamp = {2012.06.02},
  url = {en.wikipedia.org/wiki/MySQL},
  urlaccessdate = {02 de junho de 2012}
}

@MISC{wikisubsampling,
  author = {Wikipedia},
  title = {Chroma Subsampling},
  year = {2012},
  owner = {caio},
  timestamp = {2012.06.16},
  url = {http://en.wikipedia.org/wiki/Chroma\_subsampling},
  urlaccessdate = {16 de maio de 2012}
}

@MISC{wikitriangulardist,
  author = {Wikipedia},
  title = {Triangular Distribution},
  year = {2012},
  owner = {caio},
  timestamp = {2012.06.16},
  url = {http://en.wikipedia.org/wiki/Triangular\_distribution},
  urlaccessdate = {16 de junho de 2012}
}

@MISC{wikiyuvspace,
  author = {Wikipedia},
  title = {YUV},
  year = {2012},
  owner = {caio},
  timestamp = {2012.03.10},
  url = {http://en.wikipedia.org/wiki/YUV},
  urlaccessdate = {10 de março de 2012}
}

@BOOK{wurao2005,
  title = {Digital Video Image Quality and Perceptual Coding},
  publisher = {CRC Press},
  year = {2005},
  author = {H. R. Wu and K. R. Rao},
  isbn = {9780824727772},
  owner = {caio}
}

@book{richardson2003,
  title={H.264 and Mpeg-4 Video Compression: Video Coding for Next-Generation Multimedia},
  author={Richardson, I.E.G.},
  isbn={9780470848371},
  lccn={2004299229},
  url={http://books.google.com.br/books?id=ECVV\_G\_qsxUC},
  year={2003},
  publisher={Wiley},
  owner = {caio}
}

@MISC{statsyoutube,
  author = {YouTube, LLC},
  title = {YouTube Statistics},
  year = {2012},
  owner = {YouTube LLC},
  timestamp = {2012.03.15},
  url = {http://www.youtube.com/t/press\_statistics},
  urlaccessdate = {23 de junho de 2012}
}

@MISC{benchmarks,
  title = {The Computer Language Benchmarks Game},
  year = {2012},
  owner = {brunno},
  timestamp = {2012.06.24},
  url = {shootout.alioth.debian.org},
  urlaccessdate = {17 de Junho de 2012}
}

@comment{jabref-meta: selector_publisher:}

@comment{jabref-meta: selector_author:}

@comment{jabref-meta: selector_journal:}

@comment{jabref-meta: selector_keywords:}

