% This file was created with JabRef 2.5.
% Encoding: UTF-8

@MASTERSTHESIS{albini,
  author = {Albini, Fabio L.},
  title = {Geração e Avaliação de Artefatos em Vídeo Digital},
  school = {Universidade Tecnológica Federal do Paraná},
  year = {2009},
  owner = {brunno},
  timestamp = {2012.03.15}
}

@MASTERSTHESIS{daronco,
  author = {Daronco, L. C.},
  title = {Avaliação Subjetiva de Qualidade Aplicada à Codificação de Vídeo
	Escalável.},
  school = {Universidade Federal do Rio Grande do Sul},
  year = {2009},
  owner = {brunno},
  timestamp = {2012.03.19}
}

@MISC{githubabout,
  author = {GitHub, Inc.},
  title = {GitHub Social Coding},
  year = {2012},
  owner = {GitHub Inc.},
  timestamp = {2012.03.15},
  url = {https://github.com/about},
  urlaccessdate = {15 de março de 2012}
}

@MISC{sandvinereport,
  author = {Sandvine, Inc.},
  title = {Fall 2010 Flobal Internet Phenomena Report},
  year = {2010},
  owner = {brunno},
  timestamp = {2012.03.19},
  urlaccessdate = {http://www.sandvine.com/downloads/documents/2010 Global Internet Phenomena
	Report.pdf}
}

@MISC{sasqv,
  author = {Santos, Elisa and Souza, Evandro and Lass, Murilo},
  title = {Desenvolvimento de um sistema de auxílio à avaliação objetiva e subjetiva
	de vídeos digitais},
  year = {2010},
  timestamp = {2012.03.13}
}

@MISC{vqeg,
  author = {Telecomunications Sciences, Institute},
  title = {Video Quality Experts Group},
  year = {2012},
  owner = {brunno},
  timestamp = {2012.03.15},
  url = {http://www.its.bldrdoc.gov/vqeg/vqeg-home.aspx},
  urlaccessdate = {13 de março de 2012}
}

@comment{jabref-meta: selector_publisher:}

@comment{jabref-meta: selector_author:}

@comment{jabref-meta: selector_journal:}

@comment{jabref-meta: selector_keywords:}

